@article{tanabe2017benchmarking,
  title={Benchmarking multi-and many-objective evolutionary algorithms under two optimization scenarios},
  author={Tanabe, Ryoji and Ishibuchi, Hisao and Oyama, Akira},
  journal={IEEE Access},
  volume={5},
  pages={19597--19619},
  year={2017},
  publisher={IEEE}
}
@inproceedings{castillo2017multi,
  title={A multi-objective decomposition-based evolutionary algorithm with enhanced variable space diversity control},
  author={Castillo, Joel Chac{\'o}n and Segura, Carlos and Aguirre, Arturo Hern{\'a}ndez and Miranda, Gara and Le{\'o}n, Coromoto},
  booktitle={Proceedings of the Genetic and Evolutionary Computation Conference Companion},
  pages={1565--1571},
  year={2017},
  organization={ACM}
}

@article{deb2002fast,
  title={A fast and elitist multiobjective genetic algorithm: NSGA-II},
  author={Deb, Kalyanmoy and Pratap, Amrit and Agarwal, Sameer and Meyarivan, TAMT},
  journal={IEEE transactions on evolutionary computation},
  volume={6},
  number={2},
  pages={182--197},
  year={2002},
  publisher={IEEE}
}

@article{zhang2007moea,
  title={MOEA/D: A multiobjective evolutionary algorithm based on decomposition},
  author={Zhang, Qingfu and Li, Hui},
  journal={IEEE Transactions on evolutionary computation},
  volume={11},
  number={6},
  pages={712--731},
  year={2007},
  publisher={IEEE}
}

@article{beume2007sms,
  title={SMS-EMOA: Multiobjective selection based on dominated hypervolume},
  author={Beume, Nicola and Naujoks, Boris and Emmerich, Michael},
  journal={European Journal of Operational Research},
  volume={181},
  number={3},
  pages={1653--1669},
  year={2007},
  publisher={Elsevier}
}

@inproceedings{kukkonen2005gde3,
  title={GDE3: The third evolution step of generalized differential evolution},
  author={Kukkonen, Saku and Lampinen, Jouni},
  booktitle={Evolutionary Computation, 2005. The 2005 IEEE Congress on},
  volume={1},
  pages={443--450},
  year={2005},
  organization={IEEE}
}

@inproceedings{auger2016impact,
  title={The impact of variation operators on the performance of SMS-EMOA on the bi-objective BBOB-2016 test suite},
  author={Auger, Anne and Brockhoff, Dimo and Hansen, Nikolaus and Tu{\v{s}}ar, Dejan and Tu{\v{s}}ar, Tea and Wagner, Tobias},
  booktitle={Proceedings of the 2016 on Genetic and Evolutionary Computation Conference Companion},
  pages={1225--1232},
  year={2016},
  organization={ACM}
}


@article{li2009multiobjective,
  title={Multiobjective optimization problems with complicated Pareto sets, MOEA/D and NSGA-II},
  author={Li, Hui and Zhang, Qingfu},
  journal={IEEE Transactions on evolutionary computation},
  volume={13},
  number={2},
  pages={284--302},
  year={2009},
  publisher={IEEE}
}
	
@inproceedings{zhang2009performance,
  title={The performance of a new version of MOEA/D on CEC09 unconstrained MOP test instances},
  author={Zhang, Qingfu and Liu, Wudong and Li, Hui},
  booktitle={Evolutionary Computation, 2009. CEC'09. IEEE Congress on},
  pages={203--208},
  year={2009},
  organization={IEEE}
}

@article{zitzler2001spea2,
  title={SPEA2: Improving the strength Pareto evolutionary algorithm},
  author={Zitzler, Eckart and Laumanns, Marco and Thiele, Lothar},
  journal={TIK-report},
  volume={103},
  year={2001},
  publisher={Eidgen{\"o}ssische Technische Hochschule Z{\"u}rich (ETH), Institut f{\"u}r Technische Informatik und Kommunikationsnetze (TIK)}
}

@inproceedings{zitzler2004indicator,
  title={Indicator-based selection in multiobjective search},
  author={Zitzler, Eckart and K{\"u}nzli, Simon},
  booktitle={International Conference on Parallel Problem Solving from Nature},
  pages={832--842},
  year={2004},
  organization={Springer}
}

@article{zitzler2003performance,
  title={Performance assessment of multiobjective optimizers: An analysis and review},
  author={Zitzler, Eckart and Thiele, Lothar and Laumanns, Marco and Fonseca, Carlos M and Da Fonseca, Viviane Grunert},
  journal={IEEE Transactions on evolutionary computation},
  volume={7},
  number={2},
  pages={117--132},
  year={2003},
  publisher={IEEE}
}
@inproceedings{nebro2008study,
  title={A study of convergence speed in multi-objective metaheuristics},
  author={Nebro, Antonio Jes{\'u}s and Durillo, Juan Jos{\'e} and Coello, Carlos A Coello and Luna, Francisco and Alba, Enrique},
  booktitle={International Conference on Parallel Problem Solving from Nature},
  pages={763--772},
  year={2008},
  organization={Springer}
}

@inproceedings{shir2009enhancing,
  title={Enhancing decision space diversity in evolutionary multiobjective algorithms},
  author={Shir, Ofer M and Preuss, Mike and Naujoks, Boris and Emmerich, Michael},
  booktitle={International Conference on Evolutionary Multi-Criterion Optimization},
  pages={95--109},
  year={2009},
  organization={Springer}
}

@article{deb2008omni,
  title={Omni-optimizer: A generic evolutionary algorithm for single and multi-objective optimization},
  author={Deb, Kalyanmoy and Tiwari, Santosh},
  journal={European Journal of Operational Research},
  volume={185},
  number={3},
  pages={1062--1087},
  year={2008},
  publisher={Elsevier}
}

@inproceedings{ulrich2010integrating,
  title={Integrating decision space diversity into hypervolume-based multiobjective search},
  author={Ulrich, Tamara and Bader, Johannes and Zitzler, Eckart},
  booktitle={Proceedings of the 12th annual conference on Genetic and evolutionary computation},
  pages={455--462},
  year={2010},
  organization={ACM}
}


@article{zhou2009approximating,
  title={Approximating the set of Pareto-optimal solutions in both the decision and objective spaces by an estimation of distribution algorithm},
  author={Zhou, Aimin and Zhang, Qingfu and Jin, Yaochu},
  journal={IEEE transactions on evolutionary computation},
  volume={13},
  number={5},
  pages={1167--1189},
  year={2009},
  publisher={IEEE}
}

@inproceedings{chan2005evolutionary,
  title={An evolutionary algorithm to maintain diversity in the parametric and the objective space},
  author={Chan, KP and Ray, T},
  booktitle={International Conference on Computational Robotics and Autonomous Systems (CIRAS), Centre for Intelligent Control, National University of Singapore},
  year={2005}
}

@article{toffolo2003genetic,
  title={Genetic diversity as an objective in multi-objective evolutionary algorithms},
  author={Toffolo, Andrea and Benini, Ernesto},
  journal={Evolutionary computation},
  volume={11},
  number={2},
  pages={151--167},
  year={2003},
  publisher={MIT Press}
}
@article{trivedi2016survey,
  title={A survey of multiobjective evolutionary algorithms based on decomposition},
  author={Trivedi, Anupam and Srinivasan, Dipti and Sanyal, Krishnendu and Ghosh, Abhiroop},
  journal={IEEE Transactions on Evolutionary Computation},
  volume={21},
  number={3},
  pages={440--462},
  year={2016},
  publisher={IEEE}
}
@article{segura2016improving,
  title={Improving diversity in evolutionary algorithms: New best solutions for frequency assignment},
  author={Segura, Carlos and Hern{\'a}ndez-Aguirre, Arturo and Luna, Francisco and Alba, Enrique},
  journal={IEEE Transactions on Evolutionary Computation},
  volume={21},
  number={4},
  pages={539--553},
  year={2016},
  publisher={IEEE}
}
@article{segura2015novel,
  title={A novel diversity-based replacement strategy for evolutionary algorithms},
  author={Segura, Carlos and Coello, Carlos A Coello and Segredo, Eduardo and Aguirre, Arturo Hern{\'a}ndez},
  journal={IEEE Transactions on Cybernetics},
  volume={46},
  number={12},
  pages={3233--3246},
  year={2015},
  publisher={IEEE}
}
@article{herrera2003fuzzy,
  title={Fuzzy adaptive genetic algorithms: design, taxonomy, and future directions},
  author={Herrera, Francisco and Lozano, Manuel},
  journal={Soft computing},
  volume={7},
  number={8},
  pages={545--562},
  year={2003},
  publisher={Springer}
}
@book{mitchell1998introduction,
  title={An introduction to genetic algorithms},
  author={Mitchell, Melanie},
  year={1998},
  publisher={MIT press}
}
@article{koumousis2006saw,
  title={A saw-tooth genetic algorithm combining the effects of variable population size and reinitialization to enhance performance},
  author={Koumousis, Vlasis K and Katsaras, Christos P},
  journal={IEEE Transactions on Evolutionary Computation},
  volume={10},
  number={1},
  pages={19--28},
  year={2006},
  publisher={IEEE}
}
@article{de2010optimisation,
  title={Optimisation of a multi-objective two-dimensional strip packing problem based on evolutionary algorithms},
  author={De Armas, Jesica and Leon, Coromoto and Miranda, Gara and Segura, Carlos},
  journal={International Journal of Production Research},
  volume={48},
  number={7},
  pages={2011--2028},
  year={2010},
  publisher={Taylor \& Francis}
}
@article{castillo2019differential,
  title={Differential evolution with enhanced diversity maintenance},
  author={Castillo, Joel Chac{\'o}n and Segura, Carlos},
  journal={Optimization Letters},
  pages={1--20},
  year={2019},
  publisher={Springer}
}
